
 Notas Imporantes:
% Poner una diagonal investida antes de los siguientes caracteres: #, $, %, ^, &, {, }, ~, [, ], <, >, _
% Caso Particuloar: Diagonal Invertida (\) sustituit por (\textbackslash) y dejar un espacio


% U1 Individual
 Misc{calculadora,
	author = {Calculator.net},
	title = {Age Calculator},
	howpublished = "\url{https://www.calculator.net/age-calculator.html?today=02%2F08%2F2003&ageat=02%2F08%2F2004&x=Calculate}",
    note = "Consultado el \today"   }



% U1 team
@Misc{congreso_video,
  Author = {{Congreso Argentino de Sistemas Embebidos}},
  Title = {Punto Flotante Explicado: Conversión de Números a Formato de Punto Flotante},
  Howpublished = "\url{https://www.youtube.com/watch?v=MXDmYxSky6U}",
  Note = "Consultado el \today",
  Year = {2024},
 }


% U2 Individual
@Misc{parabola,
  Author = {{Michael Borcherds}},
  Title = {Demo: White border around the edge},
  Howpublished = "\url{https://www.geogebra.org/m/NpFST2An#material/A71fBM86}",
  Note = "Consultado el \today",
  Year = {2024},
}


